@article{Zhao2022L2,
  author  = {Yue Zhao and Chunjie Zhou and Yu-Chu Tian and Yuanqing Qin and Xiaoya Hu},
  title   = {$L_2$ Gain Secure Control of Cyber-Physical Systems Under Fast Time-Varying Cyber Attacks},
  journal = {IEEE Transactions on Network Science and Engineering},
  volume  = {9},
  number  = {2},
  pages   = {648--659},
  year    = {2022},
  doi     = {10.1109/TNSE.2021.3062515}
}

@article{Huang2018Assessing,
  author  = {Kaixing Huang and Chunjie Zhou and Yu-Chu Tian and Shuanghua Yang and Yuanqing Qin},
  title   = {Assessing the Physical Impact of Cyberattacks on Industrial Cyber-Physical Systems},
  journal = {IEEE Transactions on Industrial Electronics},
  volume  = {65},
  number  = {10},
  pages   = {8153--8162},
  year    = {2018},
  doi     = {10.1109/TIE.2018.2823987}
}

@article{Huang2020Game,
  author  = {Kaixing Huang and Chunjie Zhou and Yuanqing Qin and Weixun Tu},
  title   = {A Game-Theoretic Approach to Cross-Layer Security Decision-Making in Industrial Cyber-Physical Systems},
  journal = {IEEE Transactions on Industrial Electronics},
  volume  = {67},
  number  = {3},
  pages   = {2371--2379},
  year    = {2020},
  doi     = {10.1109/TIE.2019.2930204}
}

@article{Zhao2022Adaptive,
  author  = {Yue Zhao and Xin Du and Chunjie Zhou and Yu-Chu Tian and Xiaoya Hu and Daniel E. Quevedo},
  title   = {Adaptive Resilient Control of Cyber-Physical Systems Under Actuator and Sensor Attacks},
  journal = {IEEE Transactions on Industrial Informatics},
  volume  = {18},
  number  = {5},
  pages   = {3203--3212},
  year    = {2022},
  doi     = {10.1109/TII.2022.3166433}
}

@article{Li2019Dynamic,
  author  = {Xuan Li and Chunjie Zhou and Yu-Chu Tian and Yuanqing Qin},
  title   = {A Dynamic Decision-Making Approach for Intrusion Response in Industrial Control Systems},
  journal = {IEEE Transactions on Industrial Informatics},
  volume  = {15},
  number  = {5},
  pages   = {2544--2554},
  year    = {2019},
  doi     = {10.1109/TII.2018.2852131}
}

@article{Zhou2015Multimodel,
  author  = {Chunjie Zhou and Shuang Huang and Naixue Xiong and Shuang-Hua Yang and Huiyun Li and Yuanqing Qin and Xuan Li},
  title   = {Design and Analysis of Multimodel-Based Anomaly Intrusion Detection Systems in Industrial Process Automation},
  journal = {IEEE Transactions on Systems, Man, and Cybernetics: Systems},
  volume  = {45},
  number  = {10},
  pages   = {1345--1360},
  year    = {2015},
  doi     = {10.1109/TSMC.2015.2411566}
}

@article{Zhou2021Unified,
  author  = {Chunjie Zhou and Bowen Hu and Yang Shi and Yu-Chu Tian and Xuan Li and Yue Zhao},
  title   = {A Unified Architectural Approach for Cyberattack-Resilient Industrial Control Systems},
  journal = {Proceedings of the IEEE},
  volume  = {109},
  number  = {4},
  pages   = {517--541},
  year    = {2021},
  doi     = {10.1109/JPROC.2021.3076782}
}

@article{Hu2021Decentralized,
  author  = {Bowen Hu and Chunjie Zhou and Yu-Chu Tian and Xiaoya Hu and Xinjue Junping},
  title   = {Decentralized Consensus Decision-Making for Cybersecurity Protection in Multimicrogrid Systems},
  journal = {IEEE Transactions on Systems, Man, and Cybernetics: Systems},
  volume  = {51},
  number  = {4},
  pages   = {2187--2198},
  year    = {2021},
  doi     = {10.1109/TSMC.2020.3028945}
}

@article{Li2023ModelDriven,
  author  = {Xinge Li and Xiaoya Hu and Rongqing Zhang and Chunjie Zhou and Quan Yin and Liuqing Yang},
  title   = {A Model-Driven Security Analysis Approach for 5G Communications in Industrial Systems},
  journal = {IEEE Transactions on Wireless Communications},
  volume  = {22},
  number  = {2},
  pages   = {889--902},
  year    = {2023},
  doi     = {10.1109/TWC.2023.3151569}
}

@article{Zhang2016Multimodel,
  author  = {Qi Zhang and Chunjie Zhou and Naixue Xiong and Yuanqing Qin and Xuan Li and Shuang Huang},
  title   = {Multimodel-Based Incident Prediction and Risk Assessment in Dynamic Cybersecurity Protection for Industrial Control Systems},
  journal = {IEEE Transactions on Systems, Man, and Cybernetics: Systems},
  volume  = {46},
  number  = {10},
  pages   = {1429--1444},
  year    = {2016},
  doi     = {10.1109/TSMC.2016.2590597}
}

@article{Sun2023FewShot,
  author  = {H. Sun and Y. Huang and L. Han and C. Zhou},
  title   = {Few-shot Detection of Anomalies in Industrial Cyber-Physical System via Prototypical Network and Contrastive Learning},
  journal = {arXiv:2302.10601 [cs.CR]},
  year    = {2023},
  url     = {https://arxiv.org/abs/2302.10601}
}

@article{Zhao2022AntiSaturation,
  author  = {Yue Zhao and Xin Du and Chunjie Zhou and Yu-Chu Tian},
  title   = {Anti-saturation resilient control of cyber-physical systems under actuator attacks},
  journal = {Information Sciences},
  volume  = {608},
  pages   = {1245--1260},
  year    = {2022},
  doi     = {10.1016/j.ins.2022.01.028}
}

@article{Zhou2020RiskBased,
  author  = {Chunjie Zhou and Xuan Li and Shuanghua Yang and Yu-Chu Tian},
  title   = {Risk-Based Scheduling of Security Tasks in Industrial Control Systems With Consideration of Safety},
  journal = {IEEE Transactions on Industrial Informatics},
  volume  = {16},
  number  = {5},
  pages   = {3112--3123},
  year    = {2020},
  doi     = {10.1109/TII.2019.2925019}
}

@article{Zhao2023Cloud,
  author  = {Yue Zhao and Chunjie Zhou and Yu-Chu Tian and Jianhui Yang and Xiaoya Hu},
  title   = {Cloud-Based Underactuated Resilient Control for Cyber-Physical Systems Under Actuator Attacks},
  journal = {IEEE Transactions on Industrial Informatics},
  volume  = {19},
  number  = {5},
  pages   = {6317--6325},
  year    = {2023},
  doi     = {10.1109/TII.2022.3222281}
}

@article{Zhao2023Composite,
  author  = {Yue Zhao and Chunjie Zhou and Yu-Chu Tian and Yuanqing Qin},
  title   = {Composite Finite-Time Resilient Control for Cyber-Physical Systems Subject to Actuator Attacks},
  journal = {IEEE Transactions on Cybernetics},
  volume  = {53},
  number  = {2},
  pages   = {1063--1077},
  year    = {2023},
  doi     = {10.1109/TCYB.2022.3196242}
}

@article{Yang2021Zoning,
  author  = {Jun Yang and Chunjie Zhou and Yu-Chu Tian and Chao An},
  title   = {A Zoning-Based Secure Control Approach Against Actuator Attacks in Industrial Cyber-Physical Systems},
  journal = {IEEE Transactions on Industrial Electronics},
  volume  = {68},
  number  = {3},
  pages   = {2637--2647},
  year    = {2021},
  doi     = {10.1109/TIE.2020.2989430}
}

@article{Yang2018Anomaly,
  author  = {Jun Yang and Chunjie Zhou and Shuanghua Yang and Haizhou Xu and Bowen Hu},
  title   = {Anomaly Detection Based on Zone Partition for Security Protection of Industrial Cyber-Physical Systems},
  journal = {IEEE Transactions on Industrial Electronics},
  volume  = {65},
  number  = {5},
  pages   = {4257--4267},
  year    = {2018},
  doi     = {10.1109/TIE.2017.2774161}
}

@misc{Ma2024AIWebshell,
  author = {M. Ma and L. Han and C. Zhou},
  title  = {Research and application of artificial intelligence based webshell detection model: A literature review},
  year   = {2024},
  url    = {https://arxiv.org/abs/2401.07353}
}
@inproceedings{Yin2024,
  author    = {Yin, Zhen and Wang, Wei and Lu, Xiaozhen and Yin, Zhisheng},
  title     = {Multi-level Collaborative Defense Strategies Against Malicious Traffic in Wireless Edge Networks},
  booktitle = {2024 IEEE/CIC International Conference on Communications in China (ICCC Workshops)},
  year      = {2024},
  pages     = {185--190},
  address   = {Nanjing, China},
  month     = {January--June}
}

@inproceedings{Khodayari2024,
  author    = {Khodayari, Soheil and Barber, Thomas and Pellegrino, Giancarlo},
  title     = {The Great Request Robbery: An Empirical Study of Client-side Request Hijacking Vulnerabilities on the Web},
  booktitle = {2024 IEEE Symposium on Security and Privacy (SP)},
  year      = {2024},
  pages     = {166--184},
  address   = {San Francisco, USA},
  month     = {May}
}

@article{Li2023,
  author  = {Li, Xiulai and Cheng, Jieren and Shi, Zhaoxin and Liu, Jingxin and Zhang, Bin and Xu, Xinbing and Tang, Xiangyan and Sheng, Victor S.},
  title   = {Blockchain Security Threats and Collaborative Defense: A Literature Review},
  journal = {Computers, Materials \& Continua},
  year    = {2023},
  volume  = {76},
  number  = {3},
  pages   = {2597--2629}
}

@inproceedings{Jin2024,
  author    = {Jin, Zizhi and Jiang, Qinhong and Lu, Xuancun and Yan, Chen and Ji, Xiaoyu and Xu, Wenyuan},
  title     = {PhantomLiDAR: Cross-modality Signal Injection Attacks against LiDAR},
  booktitle = {Network and Distributed System Security (NDSS) Symposium 2024},
  year      = {2024},
  pages     = {173--198},
  address   = {San Diego, CA, USA},
  month     = {February}
}

@article{Jiang2020,
  author  = {Jiang, Feng and Fu, Yunsheng and Gupta, B. B. and Liang, Yongsheng and Rho, Seungmin and Lou, Fang and Meng, Fanzhi and Tian, Zhihong},
  title   = {Deep Learning Based Multi-Channel Intelligent Attack Detection for Data Security},
  journal = {IEEE Transactions on Sustainable Computing},
  year    = {2020},
  volume  = {5},
  number  = {2},
  pages   = {204--211},
  month   = {April--June}
}

@article{Ayodeji2020,
  author  = {Ayodeji, A. and Liu, Y.-k. and Chao, N. and Yang, L.-q.},
  title   = {A New Perspective Towards the Development of Robust Data-Driven Intrusion Detection for Industrial Control Systems},
  journal = {Nuclear Engineering and Technology},
  year    = {2020},
  volume  = {52},
  number  = {12},
  pages   = {2687--2698}
}

@article{Zhang2019,
  author  = {Zhang, F. and Kodituwakku, H. A. D. E. and Hines, J. W. and Coble, J.},
  title   = {Multilayer Data-Driven Cyber-Attack Detection System for Industrial Control Systems Based on Network, System, and Process Data},
  journal = {IEEE Transactions on Industrial Informatics},
  year    = {2019},
  volume  = {15},
  number  = {7},
  pages   = {4362--4369}
}

@article{Sahu2021,
  author  = {Sahu, A. and Mao, Z. and Wlazlo, P. and Huang, H. and Davis, K. and Goulart, A. and Zonouz, S.},
  title   = {Multi-source Multi-domain Data Fusion for Cyberattack Detection in Power Systems},
  journal = {IEEE Access},
  year    = {2021},
  volume  = {9},
  pages   = {1--12}
}

@article{Yuan2024,
  author  = {Yuan, Bin and Yang, Maogen and Xu, Zhen and Chen, Qunjinming and Song, Zhanxiang and Li, Zhen and Zou, Deqing and Jin, Hai},
  title   = {Leakage of Authorization-Data in IoT Device Sharing: New Attacks and Countermeasure},
  journal = {IEEE Transactions on Dependable and Secure Computing},
  year    = {2024},
  volume  = {21},
  number  = {4},
  pages   = {3196--3210},
  month   = {July--August}
}

@article{Huang2023,
  author  = {Huang, Xianting and Liu, Jing and Lai, Yingxu and Mao, Beifeng and Lyu, Hongshuo},
  title   = {EEFED: Personalized Federated Learning of Execution \& Evaluation Dual Network for CPS Intrusion Detection},
  journal = {IEEE Transactions on Information Forensics and Security},
  year    = {2023},
  volume  = {18},
  pages   = {41--56}
}
